<record><leader>00000cas a2200000 i 4500</leader><controlfield tag="001">908160994</controlfield><controlfield tag="008">150429d19351939wauwr n       0   a0eng c</controlfield><datafield ind1=" " ind2=" " tag="010"><subfield code="a">  2015252457</subfield></datafield><datafield ind1=" " ind2=" " tag="040"><subfield code="a">WAU</subfield><subfield code="b">eng</subfield><subfield code="e">rda</subfield><subfield code="c">WAU</subfield><subfield code="d">OCLCA</subfield><subfield code="d">OCLCQ</subfield><subfield code="d">OCLCO</subfield><subfield code="d">OCLCA</subfield><subfield code="d">OCL</subfield></datafield><datafield ind1=" " ind2=" " tag="042"><subfield code="a">pcc</subfield></datafield><datafield ind1=" " ind2=" " tag="043"><subfield code="a">n-us-wa</subfield></datafield><datafield ind1=" " ind2="4" tag="050"><subfield code="a">LH1.W37</subfield><subfield code="b">U56</subfield></datafield><datafield ind1="0" ind2=" " tag="130"><subfield code="a">University of Washington daily (summer session issue)</subfield></datafield><datafield ind1="1" ind2="0" tag="245"><subfield code="a">University of Washington daily.</subfield></datafield><datafield ind1=" " ind2=" " tag="250"><subfield code="a">Summer session issue.</subfield></datafield><datafield ind1=" " ind2="1" tag="264"><subfield code="a">Seattle, Washington :</subfield><subfield code="b">Associated Students of the University of Washington,</subfield><subfield code="c">1935-1939.</subfield></datafield><datafield ind1=" " ind2=" " tag="300"><subfield code="a">5 volumes :</subfield><subfield code="b">illustrated ;</subfield><subfield code="c">56 cm</subfield></datafield><datafield ind1=" " ind2=" " tag="310"><subfield code="a">Weekly</subfield></datafield><datafield ind1=" " ind2=" " tag="336"><subfield code="a">text</subfield><subfield code="b">txt</subfield><subfield code="2">rdacontent</subfield></datafield><datafield ind1=" " ind2=" " tag="336"><subfield code="a">still image</subfield><subfield code="b">sti</subfield><subfield code="2">rdacontent</subfield></datafield><datafield ind1=" " ind2=" " tag="337"><subfield code="a">unmediated</subfield><subfield code="b">n</subfield><subfield code="2">rdamedia</subfield></datafield><datafield ind1=" " ind2=" " tag="338"><subfield code="a">volume</subfield><subfield code="b">nc</subfield><subfield code="2">rdacarrier</subfield></datafield><datafield ind1="1" ind2=" " tag="362"><subfield code="a">Began with: Vol. 21, no. 4 (July 11, 1935); ceased with: vol. 25, no. 10 (August 17, 1939).</subfield></datafield><datafield ind1=" " ind2=" " tag="530"><subfield code="a">Also issued on microfilm.</subfield></datafield><datafield ind1=" " ind2=" " tag="588"><subfield code="a">Description based on: Vol. 21, no. 4 (July 11, 1935); title from caption.</subfield></datafield><datafield ind1=" " ind2=" " tag="588"><subfield code="a">Latest issue consulted: Vol. 25, no. 10 (August 17, 1939).</subfield></datafield><datafield ind1="2" ind2="0" tag="610"><subfield code="a">University of Washington</subfield><subfield code="v">Newspapers.</subfield></datafield><datafield ind1="2" ind2="0" tag="610"><subfield code="a">University of Washington.</subfield><subfield code="b">Associated Students</subfield><subfield code="v">Newspapers.</subfield></datafield><datafield ind1=" " ind2="0" tag="651"><subfield code="a">Seattle (Wash.)</subfield><subfield code="v">Newspapers.</subfield></datafield><datafield ind1="2" ind2="7" tag="610"><subfield code="a">University of Washington.</subfield><subfield code="b">Associated Students.</subfield><subfield code="2">fast</subfield><subfield code="0">(OCoLC)fst00573592</subfield></datafield><datafield ind1="2" ind2="7" tag="610"><subfield code="a">University of Washington.</subfield><subfield code="2">fast</subfield><subfield code="0">(OCoLC)fst00532763</subfield></datafield><datafield ind1=" " ind2="7" tag="651"><subfield code="a">Washington (State)</subfield><subfield code="z">Seattle.</subfield><subfield code="2">fast</subfield><subfield code="0">(OCoLC)fst01204940</subfield></datafield><datafield ind1=" " ind2="7" tag="655"><subfield code="a">Newspapers.</subfield><subfield code="2">fast</subfield><subfield code="0">(OCoLC)fst01423814</subfield></datafield><datafield ind1=" " ind2="7" tag="655"><subfield code="a">Newspapers.</subfield><subfield code="2">lcgft</subfield></datafield><datafield ind1="2" ind2=" " tag="710"><subfield code="a">University of Washington.</subfield><subfield code="b">Associated Students,</subfield><subfield code="e">issuing body.</subfield></datafield><datafield ind1=" " ind2=" " tag="752"><subfield code="a">United States</subfield><subfield code="b">Washington</subfield><subfield code="c">King</subfield><subfield code="d">Seattle.</subfield></datafield><datafield ind1="1" ind2=" " tag="776"><subfield code="c">Microfilm</subfield><subfield code="d">University of Washington Library</subfield><subfield code="w">(DLC)  2015252456</subfield><subfield code="w">(OCoLC)42340711</subfield></datafield><datafield ind1="0" ind2="0" tag="780"><subfield code="t">University of Washington journal</subfield><subfield code="w">(DLC)  2015252461</subfield><subfield code="w">(OCoLC)50474185</subfield></datafield><datafield ind1="0" ind2="4" tag="785"><subfield code="t">University of Washington daily</subfield><subfield code="g">1940</subfield><subfield code="w">(OCoLC)42338740</subfield></datafield></record>